<?xml version="1.0" encoding="UTF-8"?><record xmlns="http://www.loc.gov/MARC21/slim" xmlns:cinclude="http://apache.org/cocoon/include/1.0" xmlns:zs="http://www.loc.gov/zing/srw/">
  <leader>00776nz  a2200181n  4500</leader>
  <controlfield tag="001">n  84124257 </controlfield>
  <controlfield tag="003">DLC</controlfield>
  <controlfield tag="005">19850404000000.0</controlfield>
  <controlfield tag="008">850130n| acannaab|          |a ana |||  </controlfield>
  <datafield tag="010" ind1=" " ind2=" ">
    <subfield code="a">n  84124257 </subfield>
  </datafield>
  <datafield tag="040" ind1=" " ind2=" ">
    <subfield code="a">DLC</subfield>
    <subfield code="c">DLC</subfield>
  </datafield>
  <datafield tag="110" ind1="2" ind2="0">
    <subfield code="a">Havsfiskelaboratoriet (Sweden)</subfield>
  </datafield>
  <datafield tag="410" ind1="1" ind2="0">
    <subfield code="w">nnaa</subfield>
    <subfield code="a">Lysekil, Sweden.</subfield>
    <subfield code="b">Havsfiskelaboratoriet</subfield>
  </datafield>
  <datafield tag="410" ind1="2" ind2="0">
    <subfield code="a">Institute of Marine Research (Sweden)</subfield>
  </datafield>
  <datafield tag="410" ind1="1" ind2="0">
    <subfield code="a">Sweden.</subfield>
    <subfield code="b">Havsfiskelaboratoriet</subfield>
  </datafield>
  <datafield tag="410" ind1="1" ind2="0">
    <subfield code="a">Sweden.</subfield>
    <subfield code="b">Fiskeristyrelsen.</subfield>
    <subfield code="b">Havsfiskelaboratoriet</subfield>
  </datafield>
  <datafield tag="670" ind1=" " ind2=" ">
    <subfield code="a">Report (Havsfiskelaboratoriet (Sweden)). Report, 1975 surrogate:</subfield>
    <subfield code="b">t.p. (Fishery Board of Sweden, Institute of Marine Research)</subfield>
  </datafield>
  <datafield tag="670" ind1=" " ind2=" ">
    <subfield code="a">LC data base, 1/25/85</subfield>
    <subfield code="b">(hdg.: Lysekil, Sweden. Havsfiskelaboratoriet) LC manual auth. cd. (variant: Sweden. Institute of Marine Research)</subfield>
  </datafield>
</record>